/Users/fabian.gunzinger/.dotfiles/latex/fabib.bib